<?xml version="1.0" encoding="UTF-8"?><collection xmlns="http://www.loc.gov/MARC21/slim"><record><leader>00502nam--2200181-u-4500</leader><controlfield tag="001">000055989</controlfield><controlfield tag="002">20161230</controlfield><controlfield tag="005">20170105125905</controlfield><controlfield tag="008">140225s1000------------r-----000-0-rum-d</controlfield><datafield ind1=" " ind2=" " tag="040"><subfield code="a">IFIN-HH</subfield></datafield><datafield ind1=" " ind2=" " tag="041"><subfield code="a">rum</subfield></datafield><datafield ind1="1" ind2=" " tag="100"><subfield code="a">Maracine (Budaca), Andreea-Ioana</subfield></datafield><datafield ind1="1" ind2="0" tag="245"><subfield code="a">Study of alfadecay of superheavy nuclei</subfield><subfield code="b">Teza</subfield><subfield code="c">Andreea-Ioana Maracine (Budaca)</subfield></datafield><datafield ind1=" " ind2=" " tag="260"><subfield code="a">Bucuresti</subfield><subfield code="b">Ifa</subfield><subfield code="c">2012</subfield></datafield><datafield ind1=" " ind2=" " tag="300"><subfield code="a">81 p</subfield></datafield><datafield ind1=" " ind2=" " tag="502"><subfield code="a">Suervisor Dr.V.V. Grecu</subfield></datafield><datafield ind1=" " ind2=" " tag="852"><subfield code="a">78328</subfield><subfield code="c">530.1</subfield></datafield><datafield ind1=" " ind2=" " tag="CAT"><subfield code="a">SYS</subfield><subfield code="c">20170105</subfield><subfield code="h">125905</subfield></datafield></record></collection>